@article{cavalier_2006,
  title={Cell evolution and Earth history: stasis and revolution},
  author={Cavalier-Smith, Thomas},
  journal={Philosophical Transactions of the Royal Society B: Biological Sciences},
  volume={361},
  number={1470},
  pages={969--1006},
  year={2006},
  publisher={The Royal Society London}
}
@article{altenhoff2012inferring,
  title={Inferring orthology and paralogy},
  author={Altenhoff, Adrian M and Dessimoz, Christophe},
  journal={Evolutionary genomics},
  pages={259--279},
  year={2012},
  publisher={Springer}
}
@article{lynch2016genetic,
  title={Genetic drift, selection and the evolution of the mutation rate},
  author={Lynch, Michael and Ackerman, Matthew S and Gout, Jean-Francois and Long, Hongan and Sung, Way and Thomas, W Kelley and Foster, Patricia L},
  journal={Nature Reviews Genetics},
  volume={17},
  number={11},
  pages={704--714},
  year={2016},
  publisher={Nature Publishing Group}
}
@article{masel2011genetic,
  title={Genetic drift},
  author={Masel, Joanna},
  journal={Current Biology},
  volume={21},
  number={20},
  pages={R837--R838},
  year={2011},
  publisher={Elsevier}
}
@article{huynen2000predicting,
  title={Predicting protein function by genomic context: quantitative evaluation and qualitative inferences},
  author={Huynen, Martijn and Snel, Berend and Lathe, Warren and Bork, Peer},
  journal={Genome research},
  volume={10},
  number={8},
  pages={1204--1210},
  year={2000},
  publisher={Cold Spring Harbor Lab}
}
@article{forbes2019loss,
  title={Loss of function in Escherichia coli exposed to environmentally relevant concentrations of benzalkonium chloride},
  author={Forbes, Sarah and Morgan, Nicola and Humphreys, Gavin J and Am{\'e}zquita, Alejandro and Mistry, Hitesh and McBain, Andrew J},
  journal={Applied and environmental microbiology},
  volume={85},
  number={4},
  pages={e02417--18},
  year={2019},
  publisher={Am Soc Microbiol}
}
@article{dourado2021optimality,
  title={On the optimality of the enzyme--substrate relationship in bacteria},
  author={Dourado, Hugo and Mori, Matteo and Hwa, Terence and Lercher, Martin J},
  journal={PLoS biology},
  volume={19},
  number={10},
  pages={e3001416},
  year={2021},
  publisher={Public Library of Science San Francisco, CA USA}
}
@article{storz2016causes,
  title={Causes of molecular convergence and parallelism in protein evolution},
  author={Storz, Jay F},
  journal={Nature Reviews Genetics},
  volume={17},
  number={4},
  pages={239--250},
  year={2016},
  publisher={Nature Publishing Group}
}
@article{husnik2018functional,
  title={Functional horizontal gene transfer from bacteria to eukaryotes},
  author={Husnik, Filip and McCutcheon, John P},
  journal={Nature Reviews Microbiology},
  volume={16},
  number={2},
  pages={67--79},
  year={2018},
  publisher={Nature Publishing Group}
}
@article{page2008temporal,
  title={Temporal and spatial archaeal colonization of hydrothermal vent deposits},
  author={Pag{\'e}, Antoine and Tivey, Margaret K and Stakes, Debra S and Reysenbach, Anna-Louise},
  journal={Environmental Microbiology},
  volume={10},
  number={4},
  pages={874--884},
  year={2008},
  publisher={Wiley Online Library}
}
@article{van2017horizontal,
  title={Horizontal gene transfer and ecosystem function dynamics},
  author={van de Guchte, Maarten},
  journal={Trends in microbiology},
  volume={25},
  number={9},
  pages={699--700},
  year={2017},
  publisher={Elsevier}
}
@article{root1967niche,
  title={The niche exploitation pattern of the blue-gray gnatcatcher},
  author={Root, Richard B},
  journal={Ecological monographs},
  volume={37},
  number={4},
  pages={317--350},
  year={1967},
  publisher={JSTOR}
}
@article{gianoulis2009quantifying,
  title={Quantifying environmental adaptation of metabolic pathways in metagenomics},
  author={Gianoulis, Tara A and Raes, Jeroen and Patel, Prianka V and Bjornson, Robert and Korbel, Jan O and Letunic, Ivica and Yamada, Takuji and Paccanaro, Alberto and Jensen, Lars J and Snyder, Michael and others},
  journal={Proceedings of the National Academy of Sciences},
  volume={106},
  number={5},
  pages={1374--1379},
  year={2009},
  publisher={National Acad Sciences}
}
@article{yang2021metagenomic,
  title={Metagenomic analyses of microbial structure and metabolic pathway in solid-phase denitrification systems for advanced nitrogen removal of wastewater treatment plant effluent: A pilot-scale study},
  author={Yang, Zhongchen and Zhou, Qi and Sun, Haimeng and Jia, Lixia and Zhao, Liu and Wu, Weizhong},
  journal={Water Research},
  volume={196},
  pages={117067},
  year={2021},
  publisher={Elsevier}
}
@article{koran2014ecological,
  title={What are ecological guilds? Dilemma of guild concepts},
  author={Koran, Martin and Kropil, Rudolf},
  journal={Russian Journal of Ecology},
  volume={45},
  number={5},
  pages={445},
  year={2014},
  publisher={Springer Nature BV}
}
@article{nebel2010declines,
  title={Declines of aerial insectivores in North America follow a geographic gradient},
  author={Nebel, Silke and Mills, Alex and McCracken, Jon and Taylor, Philip},
  journal={Avian Conservation and Ecology},
  volume={5},
  number={2},
  year={2010},
  publisher={The Resilience Alliance}
}
@article{koskella2017microbiome,
  title={The microbiome beyond the horizon of ecological and evolutionary theory},
  author={Koskella, Britt and Hall, Lindsay J and Metcalf, C Jessica E},
  journal={Nature ecology \& evolution},
  volume={1},
  number={11},
  pages={1606--1615},
  year={2017},
  publisher={Nature Publishing Group}
}
@article{tikhonov2017theoretical,
  title={Theoretical microbial ecology without species},
  author={Tikhonov, Mikhail},
  journal={Physical Review E},
  volume={96},
  number={3},
  pages={032410},
  year={2017},
  publisher={APS}
}
@article{baiser2011relationship,
  title={The relationship between functional and taxonomic homogenization},
  author={Baiser, Benjamin and Lockwood, Julie L},
  journal={Global Ecology and Biogeography},
  volume={20},
  number={1},
  pages={134--144},
  year={2011},
  publisher={Wiley Online Library}
}
@article{hohberg2003soil,
  title={Soil nematode fauna of afforested mine sites: genera distribution, trophic structure and functional guilds},
  author={Hohberg, Karin},
  journal={Applied Soil Ecology},
  volume={22},
  number={2},
  pages={113--126},
  year={2003},
  publisher={Elsevier}
}
@article{chiel1997brain,
  title={The brain has a body: adaptive behavior emerges from interactions of nervous system, body and environment},
  author={Chiel, Hillel J and Beer, Randall D},
  journal={Trends in neurosciences},
  volume={20},
  number={12},
  pages={553--557},
  year={1997},
  publisher={Elsevier}
}
@article{hillis1996sexual,
  title={Sexual dimorphism in wolves (Canis lupus) of the Keewatin District, Northwest territories, Canada},
  author={Hillis, Tracy L and Mallory, Frank F},
  journal={Canadian Journal of Zoology},
  volume={74},
  number={4},
  pages={721--725},
  year={1996},
  publisher={NRC Research Press Ottawa, Canada}
}
@article{torsvik2002microbial,
  title={Microbial diversity and function in soil: from genes to ecosystems},
  author={Torsvik, Vigdis and {\O}vre{\aa}s, Lise},
  journal={Current opinion in microbiology},
  volume={5},
  number={3},
  pages={240--245},
  year={2002},
  publisher={Elsevier}
}
@article{paerl1996mini,
  title={A mini-review of microbial consortia: their roles in aquatic production and biogeochemical cycling},
  author={Paerl, Hans W and Pinckney, JL},
  journal={Microbial Ecology},
  volume={31},
  number={3},
  pages={225--247},
  year={1996},
  publisher={Springer}
}
@article{gidalevitz2011stress,
  title={The stress of protein misfolding: from single cells to multicellular organisms},
  author={Gidalevitz, Tali and Prahlad, Veena and Morimoto, Richard I},
  journal={Cold Spring Harbor perspectives in biology},
  volume={3},
  number={6},
  pages={a009704},
  year={2011},
  publisher={Cold Spring Harbor Lab}
}
@article{shapiro1998thinking,
  title={Thinking about bacterial populations as multicellular organisms},
  author={Shapiro, James A},
  journal={Annual review of microbiology},
  volume={52},
  number={1},
  pages={81--104},
  year={1998},
  publisher={Annual Reviews 4139 El Camino Way, PO Box 10139, Palo Alto, CA 94303-0139, USA}
}
@incollection{wangemann1996homeostatic,
  title={Homeostatic mechanisms in the cochlea},
  author={Wangemann, Philine and Schacht, Jochen},
  booktitle={The cochlea},
  pages={130--185},
  year={1996},
  publisher={Springer}
}
@article{nemeskeri2019physiological,
  title={Physiological responses of selected vegetable crop species to water stress},
  author={Nemesk{\'e}ri, Eszter and Helyes, Lajos},
  journal={Agronomy},
  volume={9},
  number={8},
  pages={447},
  year={2019},
  publisher={MDPI}
}
@article{wu2021guild,
  title={Guild-based analysis for understanding gut microbiome in human health and diseases},
  author={Wu, Guojun and Zhao, Naisi and Zhang, Chenhong and Lam, Yan Y and Zhao, Liping},
  journal={Genome medicine},
  volume={13},
  number={1},
  pages={1--12},
  year={2021},
  publisher={Springer}
}
@article{passy2007diatom,
  title={Diatom ecological guilds display distinct and predictable behavior along nutrient and disturbance gradients in running waters},
  author={Passy, Sophia I},
  journal={Aquatic botany},
  volume={86},
  number={2},
  pages={171--178},
  year={2007},
  publisher={Elsevier}
}
@article{nemergut2013patterns,
  title={Patterns and processes of microbial community assembly},
  author={Nemergut, Diana R and Schmidt, Steven K and Fukami, Tadashi and O'Neill, Sean P and Bilinski, Teresa M and Stanish, Lee F and Knelman, Joseph E and Darcy, John L and Lynch, Ryan C and Wickey, Phillip and others},
  journal={Microbiology and Molecular Biology Reviews},
  volume={77},
  number={3},
  pages={342--356},
  year={2013},
  publisher={Am Soc Microbiol}
}
@article{zoccarato2022comparative,
  title={A comparative whole-genome approach identifies bacterial traits for marine microbial interactions},
  author={Zoccarato, Luca and Sher, Daniel and Miki, Takeshi and Segr{\`e}, Daniel and Grossart, Hans-Peter},
  journal={Communications biology},
  volume={5},
  number={1},
  pages={1--13},
  year={2022},
  publisher={Nature Publishing Group}
}
@incollection{pedros1989toward,
  title={Toward an autecology of bacterioplankton},
  author={Pedr{\'o}s-Ali{\'o}, Carlos},
  booktitle={Plankton Ecology},
  pages={297--336},
  year={1989},
  publisher={Springer}
}
@article{veshareh2021novel,
  title={A novel relationship for the maximum specific growth rate of a microbial guild},
  author={Veshareh, Moein Jahanbani and Nick, Hamidreza M},
  journal={FEMS Microbiology Letters},
  volume={368},
  number={12},
  pages={fnab064},
  year={2021},
  publisher={Oxford University Press}
}
@article{jones2014recently,
  title={Recently identified microbial guild mediates soil N2O sink capacity},
  author={Jones, Christopher M and Spor, Ayme and Brennan, Fiona P and Breuil, Marie-Christine and Bru, David and Lemanceau, Philippe and Griffiths, Bryan and Hallin, Sara and Philippot, Laurent},
  journal={Nature Climate Change},
  volume={4},
  number={9},
  pages={801--805},
  year={2014},
  publisher={Nature Publishing Group}
}
@article{martinovic2021temporal,
  title={Temporal turnover of the soil microbiome composition is guild-specific},
  author={Martinovi{\'c}, Tijana and Odriozola, I{\~n}aki and Ma{\v{s}}{\'\i}nov{\'a}, Tereza and Doreen Bahnmann, Barbara and Kohout, Petr and Sedl{\'a}k, Petr and Merunkov{\'a}, Kristina and V{\v{e}}trovsk{\`y}, Tom{\'a}{\v{s}} and Tom{\v{s}}ovsk{\`y}, Michal and Ovaskainen, Otso and others},
  journal={Ecology Letters},
  volume={24},
  number={12},
  pages={2726--2738},
  year={2021},
  publisher={Wiley Online Library}
}
@article{sanchez2022community,
  title={The community-function landscape of microbial consortia},
  author={Sanchez, Alvaro and Bajic, Djordje and Diaz-Colunga, Juan and Skwara, Abigail and Vila, Jean and Kuehn, Seppe},
  year={2022},
  publisher={EcoEvoRxiv}
}
@article{rio2003comparative,
  title={Comparative genomics of insect-symbiotic bacteria: influence of host environment on microbial genome composition},
  author={Rio, Rita VM and Lefevre, Cedric and Heddi, Abdelaziz and Aksoy, Serap},
  journal={Applied and Environmental Microbiology},
  volume={69},
  number={11},
  pages={6825--6832},
  year={2003},
  publisher={Am Soc Microbiol}
}
@incollection{gregory2005genome,
  title={Genome size evolution in animals},
  author={Gregory, T Ryan},
  booktitle={The evolution of the genome},
  pages={3--87},
  year={2005},
  publisher={Elsevier}
}
@incollection{gregory2005comparative,
  title={Comparative genomics in prokaryotes},
  author={Gregory, T Ryan and DeSalle, Rob},
  booktitle={The evolution of the genome},
  pages={585--675},
  year={2005},
  publisher={Elsevier}
}
@article{pascual2010quantifying,
  title={Quantifying the evolutionary divergence of protein structures: the role of function change and function conservation},
  author={Pascual-Garc{\'\i}a, Alberto and Abia, David and M{\'e}ndez, Ra{\'u}l and Nido, Gonzalo S and Bastolla, Ugo},
  journal={Proteins: Structure, Function, and Bioinformatics},
  volume={78},
  number={1},
  pages={181--196},
  year={2010},
  publisher={Wiley Online Library}
}
@article{soria2014functional,
  title={Functional divergence for every paralog},
  author={Soria, Patricia S and McGary, Kriston L and Rokas, Antonis},
  journal={Molecular biology and evolution},
  volume={31},
  number={4},
  pages={984--992},
  year={2014},
  publisher={Oxford University Press}
}
@article{alam2009studies,
  title={Studies on structural and functional divergence among seven WhiB proteins of Mycobacterium tuberculosis H37Rv},
  author={Alam, Md Suhail and Garg, Saurabh K and Agrawal, Pushpa},
  journal={The FEBS journal},
  volume={276},
  number={1},
  pages={76--93},
  year={2009},
  publisher={Wiley Online Library}
}
@article{offre2014variability,
  title={Variability of the transporter gene complement in ammonia-oxidizing archaea},
  author={Offre, Pierre and Kerou, Melina and Spang, Anja and Schleper, Christa},
  journal={Trends in microbiology},
  volume={22},
  number={12},
  pages={665--675},
  year={2014},
  publisher={Elsevier}
}
@incollection{vasudevan2011structure,
  title={Structure-guided rule-based annotation of protein functional sites in UniProt knowledgebase},
  author={Vasudevan, Sona and Vinayaka, CR and Natale, Darren A and Huang, Hongzhan and Kahsay, Robel Y and Wu, Cathy H},
  booktitle={Bioinformatics for Comparative Proteomics},
  pages={91--105},
  year={2011},
  publisher={Springer}
}
@article{spor2011unravelling,
  title={Unravelling the effects of the environment and host genotype on the gut microbiome},
  author={Spor, Aym{\'e} and Koren, Omry and Ley, Ruth},
  journal={Nature Reviews Microbiology},
  volume={9},
  number={4},
  pages={279--290},
  year={2011},
  publisher={Nature Publishing Group}
}
@article{gierse1996single,
  title={A single amino acid difference between cyclooxygenase-1 (COX-1) and- 2 (COX-2) reverses the selectivity of COX-2 specific inhibitors},
  author={Gierse, James K and McDonald, Joseph J and Hauser, Scott D and Rangwala, Shaukat H and Koboldt, Carol M and Seibert, Karen},
  journal={Journal of Biological Chemistry},
  volume={271},
  number={26},
  pages={15810--15814},
  year={1996},
  publisher={ASBMB}
}
@article{manara2012pseudomonas,
  title={Pseudomonas putida response to cadmium: changes in membrane and cytosolic proteomes},
  author={Manara, Anna and DalCorso, Giovanni and Baliardini, Cecilia and Farinati, Silvia and Cecconi, Daniela and Furini, Antonella},
  journal={Journal of proteome research},
  volume={11},
  number={8},
  pages={4169--4179},
  year={2012},
  publisher={ACS Publications}
}
@article{traut1994dissociation,
  title={Dissociation of enzyme oligomers: a mechanism for allosteric regulation},
  author={Traut, Thomas W},
  journal={Critical reviews in biochemistry and molecular biology},
  volume={29},
  number={2},
  pages={125--163},
  year={1994},
  publisher={Taylor \& Francis}
}
@article{thompson1999liver,
  title={Liver fatty acid binding protein: species variation and the accommodation of different ligands},
  author={Thompson, James and Reese-Wagoner, Amy and Banaszak, Leonard},
  journal={Biochimica et Biophysica Acta (BBA)-Molecular and Cell Biology of Lipids},
  volume={1441},
  number={2-3},
  pages={117--130},
  year={1999},
  publisher={Elsevier}
}
@article{sadowski2009sequence,
  title={The sequence--structure relationship and protein function prediction},
  author={Sadowski, MI and Jones, DT},
  journal={Current opinion in structural biology},
  volume={19},
  number={3},
  pages={357--362},
  year={2009},
  publisher={Elsevier}
}
@article{panja2020protein,
  title={Protein stability governed by its structural plasticity is inferred by physicochemical factors and salt bridges},
  author={Panja, Anindya S and Maiti, Smarajit and Bandyopadhyay, Bidyut},
  journal={Scientific reports},
  volume={10},
  number={1},
  pages={1--9},
  year={2020},
  publisher={Nature Publishing Group}
}
@ARTICLE{kashiwagi1996spermidine,
  title    = "Spermidine-preferential uptake system in Escherichia coli.
              Identification of amino acids involved in polyamine binding in
              {PotD} protein",
  author   = "Kashiwagi, K and Pistocchi, R and Shibuya, S and Sugiyama, S and
              Morikawa, K and Igarashi, K",
  journal  = {Journal of Biological Chemistry},
  volume   =  271,
  number   =  21,
  pages    = "12205--12208",
  year     =  1996,
  publisher={ASBMB}
}

@article{bergauer2018organic,
  title={Organic matter processing by microbial communities throughout the Atlantic water column as revealed by metaproteomics},
  author={Bergauer, Kristin and Fernandez-Guerra, Antonio and Garcia, Juan AL and Sprenger, Richard R and Stepanauskas, Ramunas and Pachiadaki, Maria G and Jensen, Ole N and Herndl, Gerhard J},
  journal={Proceedings of the National Academy of Sciences},
  volume={115},
  number={3},
  pages={E400--E408},
  year={2018},
  publisher={National Acad Sciences}
}
@article{ullmann1968subunit,
  title={On the subunit structure of wild-type versus complemented $\beta$-galactosidase of Escherichia coli},
  author={Ullmann, A and Jacob, F and Monod, J},
  journal={Journal of molecular biology},
  volume={32},
  number={1},
  pages={1--13},
  year={1968},
  publisher={Elsevier}
}
@article{puente2022cross,
  title={Cross-biome microbial networks reveal functional redundancy and suggest genome reduction through functional complementarity},
  author={Puente-Sanchez, Fernando and Pascual-Garcia, Alberto and Bastolla, Ugo and Pedros-Alio, Carlos and Tamames, Javier},
  journal={bioRxiv},
  year={2022},
  publisher={Cold Spring Harbor Laboratory}
}
@article{bromham2003modern,
  title={The modern molecular clock},
  author={Bromham, Lindell and Penny, David},
  journal={Nature Reviews Genetics},
  volume={4},
  number={3},
  pages={216--224},
  year={2003},
  publisher={Nature Publishing Group}
}
@article{rajendhran2011microbial,
  title={Microbial phylogeny and diversity: small subunit ribosomal RNA sequence analysis and beyond},
  author={Rajendhran, J and Gunasekaran, P},
  journal={Microbiological research},
  volume={166},
  number={2},
  pages={99--110},
  year={2011},
  publisher={Elsevier}
}
@article{bruyn2014phylogenetic,
  title={Phylogenetic reconstruction methods: an overview},
  author={Bruyn, Alexandre De and Martin, Darren P and Lefeuvre, Pierre},
  journal={Molecular Plant Taxonomy},
  pages={257--277},
  year={2014},
  publisher={Springer}
}
@article{price2022interactive,
  title={Interactive analysis of functional residues in protein families},
  author={Price, Morgan N and Arkin, Adam P},
  journal={Msystems},
  pages={e00705--22},
  year={2022},
  publisher={Am Soc Microbiol}
}
@article{somero1995proteins,
  title={Proteins and temperature},
  author={Somero, George N},
  journal={Annual review of physiology},
  volume={57},
  number={1},
  pages={43--68},
  year={1995},
  publisher={Annual Reviews 4139 El Camino Way, PO Box 10139, Palo Alto, CA 94303-0139, USA}
}
@article{alneberg2020ecosystem,
  title={Ecosystem-wide metagenomic binning enables prediction of ecological niches from genomes},
  author={Alneberg, Johannes and Bennke, Christin and Beier, Sara and Bunse, Carina and Quince, Christopher and Ininbergs, Karolina and Riemann, Lasse and Ekman, Martin and J{\"u}rgens, Klaus and Labrenz, Matthias and others},
  journal={Communications biology},
  volume={3},
  number={1},
  pages={1--10},
  year={2020},
  publisher={Nature Publishing Group}
}
@article{louca2016decoupling,
  title={Decoupling function and taxonomy in the global ocean microbiome},
  author={Louca, Stilianos and Parfrey, Laura Wegener and Doebeli, Michael},
  journal={Science},
  volume={353},
  number={6305},
  pages={1272--1277},
  year={2016},
  publisher={American Association for the Advancement of Science}
}
@article{tamames2019assessing,
  title={Assessing the performance of different approaches for functional and taxonomic annotation of metagenomes},
  author={Tamames, Javier and Cobo-Sim{\'o}n, Marta and Puente-S{\'a}nchez, Fernando},
  journal={BMC genomics},
  volume={20},
  number={1},
  pages={1--16},
  year={2019},
  publisher={BioMed Central}
}
@article{tamames2019squeezemeta,
  title={SqueezeMeta, a highly portable, fully automatic metagenomic analysis pipeline},
  author={Tamames, Javier and Puente-S{\'a}nchez, Fernando},
  journal={Frontiers in microbiology},
  volume={9},
  pages={3349},
  year={2019},
  publisher={Frontiers Media SA}
}

